<record><leader>00000cas a2200000 a 4500</leader><controlfield tag="001">47832875</controlfield><controlfield tag="008">010823u1918uuuunyuwr ne      0    0eng c</controlfield><datafield ind1=" " ind2=" " tag="010"><subfield code="a">sn2001061850</subfield></datafield><datafield ind1=" " ind2=" " tag="040"><subfield code="a">NYS</subfield><subfield code="b">eng</subfield><subfield code="c">NYS</subfield><subfield code="d">OCLCQ</subfield><subfield code="d">OCLCF</subfield><subfield code="d">OCLCO</subfield><subfield code="d">OCLCA</subfield></datafield><datafield ind1=" " ind2=" " tag="042"><subfield code="a">pcc</subfield></datafield><datafield ind1=" " ind2=" " tag="043"><subfield code="a">n-us-ny</subfield></datafield><datafield ind1="0" ind2="4" tag="245"><subfield code="a">The White Plains home news and the Eastern state journal.</subfield></datafield><datafield ind1=" " ind2=" " tag="260"><subfield code="a">White Plains, Westchester County, N.Y. :</subfield><subfield code="b">Eagle Publications</subfield></datafield><datafield ind1=" " ind2=" " tag="300"><subfield code="a">v. ;</subfield><subfield code="c">57 cm.</subfield></datafield><datafield ind1=" " ind2=" " tag="310"><subfield code="a">Weekly</subfield></datafield><datafield ind1="1" ind2=" " tag="362"><subfield code="a">Began in 1918?</subfield></datafield><datafield ind1="4" ind2=" " tag="510"><subfield code="a">Gregory, W. American newspapers, 1821-1936</subfield><subfield code="c">p. 497</subfield></datafield><datafield ind1=" " ind2=" " tag="588"><subfield code="a">Description based on: Vol. 89, no. 50 (Jan. 14, 1932).</subfield></datafield><datafield ind1=" " ind2="0" tag="651"><subfield code="a">White Plains (N.Y.)</subfield><subfield code="v">Newspapers.</subfield></datafield><datafield ind1=" " ind2="0" tag="651"><subfield code="a">Westchester County (N.Y.)</subfield><subfield code="v">Newspapers.</subfield></datafield><datafield ind1=" " ind2="7" tag="655"><subfield code="a">Newspapers.</subfield><subfield code="2">fast</subfield><subfield code="0">(OCoLC)fst01423814</subfield></datafield><datafield ind1=" " ind2="7" tag="651"><subfield code="a">New York (State)</subfield><subfield code="z">Westchester County.</subfield><subfield code="2">fast</subfield><subfield code="0">(OCoLC)fst01202684</subfield></datafield><datafield ind1=" " ind2="7" tag="651"><subfield code="a">New York (State)</subfield><subfield code="z">White Plains.</subfield><subfield code="2">fast</subfield><subfield code="0">(OCoLC)fst01212009</subfield></datafield><datafield ind1=" " ind2=" " tag="752"><subfield code="a">United States</subfield><subfield code="b">New York</subfield><subfield code="c">Westchester</subfield><subfield code="d">White Plains.</subfield></datafield><datafield ind1="0" ind2="4" tag="780"><subfield code="t">Eastern state journal</subfield><subfield code="w">(DLC)sn 83031950</subfield><subfield code="w">(OCoLC)10074155</subfield></datafield><datafield ind1="0" ind2="4" tag="780"><subfield code="t">Home news (White Plains, N.Y.)</subfield></datafield></record>